@article{Fei-Fei2004,
  title={Learning generative visual models from few training examples: An incremental bayesian approach tested on 101 object categories},
  author={Fei-Fei, Li and Fergus, Rob and Perona, Pietro},
  journal={Computer Vision and Image Understanding},
  volume={106},
  number={1},
  pages={59--70},
  year={2007},
  publisher={Elsevier}
}

@article{Gabor1946,
  title={Theory of communication. Part 1: The analysis of information},
  author={Gabor, Dennis},
  journal={Electrical Engineers-Part III: Radio and Communication Engineering, Journal of the Institution of},
  volume={93},
  number={26},
  pages={429--441},
  year={1946},
  publisher={IET}
}

@article{Hubel1962,
  title={Receptive fields, binocular interaction and functional architecture in the cat's visual cortex},
  author={Hubel, David H and Wiesel, Torsten N},
  journal={The Journal of physiology},
  volume={160},
  number={1},
  pages={106},
  year={1962},
  publisher={Blackwell Publishing}
}

@article{Kadir2001,
  title={Saliency, scale and image description},
  author={Kadir, Timor and Brady, Michael},
  journal={International Journal of Computer Vision},
  volume={45},
  number={2},
  pages={83--105},
  year={2001},
  publisher={Springer}
}

@inproceedings{Lazebnik2006,
  title={Beyond bags of features: Spatial pyramid matching for recognizing natural scene categories},
  author={Lazebnik, Svetlana and Schmid, Cordelia and Ponce, Jean},
  booktitle={Computer Vision and Pattern Recognition, 2006 IEEE Computer Society Conference on},
  volume={2},
  pages={2169--2178},
  year={2006},
  organization={IEEE}
}

@article{Lehky2007,
  title={Comparison of shape encoding in primate dorsal and ventral visual pathways},
  author={Lehky, Sidney R and Sereno, Anne B},
  journal={Journal of neurophysiology},
  volume={97},
  number={1},
  pages={307--319},
  year={2007},
  publisher={[Bethesda, MD, etc.] American Physiological Society [etc.]}
}

@inproceedings{Lowe1999,
  title={Object recognition from local scale-invariant features},
  author={Lowe, David G},
  booktitle={Computer vision, 1999. The proceedings of the seventh IEEE international conference on},
  volume={2},
  pages={1150--1157},
  year={1999},
  organization={Ieee}
}

@article{Pasupathy2001,
  title={Shape representation in area V4: position-specific tuning for boundary conformation},
  author={Pasupathy, Anitha and Connor, Charles E},
  journal={Journal of neurophysiology},
  volume={86},
  number={5},
  pages={2505--2519},
  year={2001},
  publisher={Am Physiological Soc}
}

@article{Serre2007,
  title={Robust object recognition with cortex-like mechanisms},
  author={Serre, Thomas and Wolf, Lior and Bileschi, Stanley and Riesenhuber, Maximilian and Poggio, Tomaso},
  journal={Pattern Analysis and Machine Intelligence, IEEE Transactions on},
  volume={29},
  number={3},
  pages={411--426},
  year={2007},
  publisher={IEEE}
}

@inproceedings{Vedaldi2008,
  title={VLFeat: An open and portable library of computer vision algorithms},
  author={Vedaldi, Andrea and Fulkerson, Brian},
  booktitle={Proceedings of the international conference on Multimedia},
  pages={1469--1472},
  year={2010},
  organization={ACM}
}